@article{buterin2014next,
  title={A next-generation smart contract and decentralized application platform},
  author={Buterin, Vitalik},
  journal={White Paper},
  year={2014}
}

@inproceedings{merkle1980protocols,
  title={Protocols for public key cryptosystems},
  author={Merkle, Ralph C},
  booktitle={null},
  pages={122},
  booktitle={Proc. 1980 Symposium on Security and Privacy, IEEE Computer Society},
  organization={IEEE}
}

@article{wilkinson2014metadisk,
  title={MetaDisk A Blockchain-Based Decentralized File Storage Application},
  author={Wilkinson, Shawn and Lowry, Jim},
  year={2014},
  publisher={Citeseer},
  url={http://metadisk.org/metadisk.pdf},
}

@misc{nakamoto2008bitcoin,
  title={Bitcoin: A peer-to-peer electronic cash system},
  author={Nakamoto, Satoshi},
year={2008},
  url = {https://bitcoin.org/bitcoin.pdf},
}

@article{vorick2014sia,
  title={Sia: Simple Decentralized Storage},
  author={Vorick, David and Champine, Luke},
  year={2014},
  url={http://www.siacoin.com/whitepaper.pdf},
}




@inproceedings{miller2014permacoin,
  title={Permacoin: Repurposing bitcoin work for data preservation},
  author={Miller, Andrew and Juels, Ari and Shi, Elaine and Parno, Bryan and Katz, Jonathan},
  booktitle={Security and Privacy (SP), 2014 IEEE Symposium on},
  pages={475--490},
  year={2014},
  url={https://www.cs.umd.edu/~elaine/docs/permacoin.pdf}
  organization={IEEE}
}

% Optional fields: author, title, howpublished, month, year, note
@MISC{buterin2014erasure,
  title={Secret sharing and erasure coding:  A guide for the aspiring dropbox decentralizer},
  author={Vitalik Buterin},
  year={2014},
  url={https://blog.ethereum.org/2014/08/16/secret-sharing-erasure-coding-guide-aspiring-dropbox-decentralizer}
}

% Optional fields: volume, number, pages, month, note
@misc{filecoin2014,
  author = {Filecoin},
  title = {Filecoin: a cryptocurrency operated file storage network},
  year = {2014},
  url={http://filecoin.io/filecoin.pdf}
}


@techreport{jansen2014onions,
  title={From onions to shallots: Rewarding Tor relays with TEARS},
  author={Jansen, Rob and Miller, Andrew and Syverson, Paul and Ford, Bryan},
  year={2014},
  institution={DTIC Document}
}



@misc{florincoin2014,
title  = {Florincoin},
note   = {\url{http://florincoin.org/florincoin.pdf}},
year   = {2014}
}

@misc{factom2014,
title  = {Factom},
note   = {\url{ https://github.com/FactomProject/FactomDocs/raw/master/Factom_Whitepaper.pdf}},
year   = {2014}
}

@misc{adopt2014,
title  = {Adopt a Node’ Project Aims to Bolster Bitcoin Network Security},
note   = {\url{http://www.coindesk.com/adopt-node-project-aims-bolster-bitcoin-network-security/}},
year   = {2014}
}

@misc{btcmixing2014,
title  = {The First 3 Generations of Bitcoin Mixing},
note   = {\url{ http://letstalkbitcoin.com/the-first-three-generations-of-bitcoin-mixing-technology/}},
year   = {2014}
}



@misc{kwoketal2005,
title  = {A Server-mediated Peer-to-peer System},
author = {Kwok, S. H.,  K. Y. Chan,  Y. M. Cheung}
note   = {ACM SIGecom Exchanges 5 (Apr. 2005): 38-47. Print.},
year   = {April 2005}
}


@misc{filecoin2014,
title  = {Filecoin: A Cryptocurrency Operated File Storage Network},
note   = {\url{ http://filecoin.io/filecoin.pdf}},
year   = {2014}
}

@misc{btcmicro2014,
title  = {Bitcoin Micropayments, a New Enabling Technology},
note   = {\url{http://bitcoinmagazine.com/12654/bitcoin-micropayments-new-enabling-technology/}},
year   = {2014}
}

@misc{bitcoinj2013,
title  = {Bitcoin client Bitcoinj implements bitcoin micropayments},
note   = {\url{http://www.coindesk.com/bitcoin-client-bitcoinj-implements-bitcoin-micropayments/}},
year   = {2013}
}

@misc{howbiisthecloud2015,
title  = {How Big is the Cloud?},
note   = {\url{  http://blog.storj.io/post/95376799893/how-big-is-the-cloud/}},
year   = {2014}
}

@misc{terracoin2014,
title  = {Terracoin Attack Analysis’},
note   = {\url{https://forum.feathercoin.com/index.php?/topic/5796-terracoin-attack-analysis/}},
year   = {2014}
}


@misc{orisi2014,
title  = {Orisi, the distributed oracles system for cryptocurrency contracts},
note   = {\url{https://github.com/orisi/wiki/wiki/Orisi-White-Paper}},
year   = {2014}
}


% Hovav Shacham, Brent Waters, Compact Proofs of Retrievability, Proc. of Asiacrypt 2008, vol. 5350, Dec 2008, pp. 90-107
@article{shacham2013compact,
  title={Compact proofs of retrievability},
  author={Shacham, Hovav and Waters, Brent},
  journal={Journal of cryptology},
  volume={26},
  number={3},
  pages={442--483},
  year={2013},
  publisher={Springer}
}

@incollection{ateniese2009proofs,
  title={Proofs of storage from homomorphic identification protocols},
  author={Ateniese, Giuseppe and Kamara, Seny and Katz, Jonathan},
  booktitle={Advances in Cryptology--ASIACRYPT 2009},
  pages={319--333},
  year={2009},
  publisher={Springer}
}

@inproceedings{bowers2009proofs,
  title={Proofs of retrievability: Theory and implementation},
  author={Bowers, Kevin D and Juels, Ari and Oprea, Alina},
  booktitle={Proceedings of the 2009 ACM workshop on Cloud computing security},
  pages={43--54},
  year={2009},
  organization={ACM}
}

@incollection{dodis2009proofs,
  title={Proofs of retrievability via hardness amplification},
  author={Dodis, Yevgeniy and Vadhan, Salil and Wichs, Daniel},
  booktitle={Theory of cryptography},
  pages={109--127},
  year={2009},
  publisher={Springer}
}

@inproceedings{zheng2011fair,
  title={Fair and dynamic proofs of retrievability},
  author={Zheng, Qingji and Xu, Shouhuai},
  booktitle={Proceedings of the first ACM conference on Data and application security and privacy},
  pages={237--248},
  year={2011},
  organization={ACM}
}

@article{zhu2011zero,
  title={Zero-knowledge proofs of retrievability},
  author={Zhu, Yan and Wang, HuaiXi and Hu, ZeXing and Ahn, Gail-Joon and Hu, Hongxin},
  journal={Science China Information Sciences},
  volume={54},
  number={8},
  pages={1608--1617},
  year={2011},
  publisher={Springer}
}

@inproceedings{yuan2013proofs,
  title={Proofs of retrievability with public verifiability and constant communication cost in cloud},
  author={Yuan, Jiawei and Yu, Shucheng},
  booktitle={Proceedings of the 2013 international workshop on Security in cloud computing},
  pages={19--26},
  year={2013},
  organization={ACM}
}

@article{kravchenkocryptographic,
  title={Cryptographic proof of custody for incentivized filesharing},
  author={Kravchenko, Pavel and Zamfir, Vlad}
}

% Optional fields: type, number, address, month, note
@TECHREPORT{ethersphere2016sw3,
  author = {Viktor Trón and Aron Fischer and Daniel Nagy A, Zsolt Felföldi},
  title = {swap, swear and swindle: incentive system for swarm},
  institution = {Ethersphere--ETHDEV},
  note = {Ethersphere Orange Papers 2},
  year = {2016}
}


@article{wilkinsonetal2014storj,
  title={Storj A Peer-to-Peer Cloud Storage Network},
  author={Wilkinson, Shawn and Boshevski, Tome and Brandoff, Josh and Buterin, Vitalik},
  year={2014},
  publisher={Citeseer},
  url={http://metadisk.org/metadisk.pdf}
}











